2023 3048
188 115 247 185 56
728 113 789 164 ‘T
835 110 892 163 A
954 110 999 161 23
1061 107 1116 162 V
1176 108 1217 163 L
1284 110 1359 163 AE

403 212 1016 282 ADMIRABILI
1067 211 1699 280 PRVDENTIAE

332 334 622 382 ENRICI
666 334 756 372 1v.
802 333 1263 374 GALLORVM
1306 333 1538 375 REGIS
1583 332 1928 374 AVGVSTL

192 348 313 469 H
385 414 523 499 Q
543 409 802 493 dignitati
820 457 833 475 ,
845 406 1022 475 saluti,
1037 426 1207 492 atque
1222 405 1375 469 laudi
1393 404 1628 495 publicae
1642 404 1929 474 natuS‚Re-

191 533 371 598 gnum
389 505 701 594 deprauatis
713 498 967 563 moribus
995 500 1394 589 cospurcatum
1408 550 1422 569 ,
1438 499 1775 563 comunium
1790 518 1929 563 tem-

189 627 404 695 porum
418 597 777 661 inclinatione
792 593 1226 664 defoedatum,&
1240 593 1372 658 belli
1400 594 1603 657 saeuitia
1628 592 1931 664 deiectum,

192 705 253 762 in
296 699 588 785 optimum
614 687 822 753 statum
848 688 1076 752 reduxit
1102 738 1117 759 ,
1146 693 1207 751 ὃ(
1244 686 1690 780 Rempublicam
1719 686 1931 752 saluam

192 792 350 858 fecit.

287 962 861 1037 MAIESTATI
913 962 1040 1028 ET
1091 959 1822 1027 MAGNITVDINI

325 1097 578 1144 VGVSTI
627 1090 973 1134 PRINCIPIS
1031 1088 1320 1131 HENRICI
1383 1090 1463 1130 IV.
1514 1089 1930 1131 GALLIARVM

329 1176 420 1219 ET
462 1167 809 1213 NAVARRAE
869 1164 1076 1205 REGIS.

287 1250 589 1333 Qoniam
606 1267 766 1326 aegras
787 1242 847 1300 &
871 1239 1050 1324 prope
1079 1235 1354 1325 depofitas
1377 1232 1727 1324 Reipublicae
1754 1255 1932 1326 partes

194 1338 678 1407 turbulentissimis
701 1333 829 1397 belli
847 1329 1095 1393 cladibus
1120 1326 1437 1399 concuflas,
1465 1334 1527 1392 &
1554 1328 1627 1392 ad
1640 1334 1929 1395 interitum

193 1433 628 1532 procumbentes
643 1429 942 1514 excepit,&
955 1424 1128 1487 saluas
1140 1445 1309 1511 atque
1323 1428 1562 1510 integras
1575 1422 1840 1488 reddidit.

592 1600 1003 1668 OPTIMO
1097 1598 1543 1663 PRINCIPI

338 1719 601 1768 ENRICO
661 1719 738 1758 IV.
800 1713 1241 1758 FRANCORVM
1298 1716 1380 1757 ET
1433 1716 1934 1761 NAVARRORVM

338 1796 540 1840 REGI.

291 1873 352 1936 In
375 1873 534 1933 cuius
551 1862 724 1927 tutela
741 1866 801 1925 &
827 1859 940 1923 fide
953 1859 1132 1948 posita
1147 1877 1261 1921 erat
1287 1857 1637 1948 Reipublicae
1649 1860 1788 1925 salus
1803 1914 1818 1933 ,
1833 1869 1932 1951 qui

196 1968 336 2033 boni
360 1960 572 2053 publici
599 1981 804 2020 nauem
843 1980 913 2017 ex
939 1951 1140 2016 mediis
1179 1951 1523 2016 seditionum
1549 1954 1813 2021 fluetibus
1841 1984 1934 2023 ex-

189 2079 423 2151 ceptam
426 2061 497 2127 ,in
511 2072 684 2144 portu
697 2049 908 2114 saluam
922 2067 1093 2135 atque
1104 2052 1380 2132 integram
1395 2047 1721 2113 collocauit.

333 2228 675 2273 EVICTORI
723 2225 1017 2267 OMNIVM
1079 2223 1420 2271 GENTIVM,
1468 2225 1548 2266 ET
1606 2227 1933 2269 DEBELLA-

332 2305 501 2346 TORI
547 2300 869 2342 HOSTIVM
910 2297 1274 2340 ACERRIMO
1318 2299 1634 2343 HENRICO
1666 2304 1740 2345 IV.
1783 2304 1932 2344 GAL-

200 2377 468 2423 LIARVM
515 2376 594 2416 ET
648 2372 995 2414 NAVARRAE
1041 2372 1206 2413 REGI.

295 2451 591 2534 Qniam
620 2444 889 2507 fiduciam
906 2443 1130 2507 suarum
1146 2466 1330 2507 rerum
1345 2442 1559 2534 semper
1575 2443 1741 2510 habui
1748 2466 1798 2518 t,
1808 2446 1932 2537 per-3

202 2549 421 2633 territos
448 2546 641 2606 animo
669 2538 1345 2631 confirmauitffiempofis
1369 2548 1790 2632 opportunitate
1806 2542 1933 2605 vsus
2007 2562 2023 2604 v

1839 2636 1929 2715 est»
