2023 3048
0 0 38 214 'J
548 78 1343 134 HISTORJCAE.
1784 105 1811 152 9

16 172 426 267 *postliminijt
445 199 512 236 eo
529 177 671 236 enirn
685 178 869 236 omnia
896 172 1178 237 commissa
1193 173 1498 243 obliterata,
1509 193 1675 260 atque
1690 174 1819 238 abo-

0 220 37 345 J
90 270 197 337 lita,
198 293 349 330 venia
361 272 616 352 irrogata,
631 271 740 328 eius
755 265 977 329 subditis
978 293 1091 353 ,qm
1080 269 1198 330 vifi
1214 287 1364 331 erant
1378 273 1432 330 in
1449 294 1577 332 eum
1593 270 1818 331 infirma:

2 343 34 427 ἓΙ
92 361 238 429 fidei,
250 359 644 448 postliminium
660 359 910 446 personae,
912 361 1091 429 famae,
1106 367 1345 431 ciuitatis,
1349 363 1414 425 ὅ(
1428 359 1711 424 bonorum
1725 362 1816 424 illis

0 451 15 526 Ξ
6 415 35 539 J
92 452 207 518 hoc
222 453 551 541 Diplomate
563 452 776 514 datum.

29 541 32 625 1
185 546 498 635 Regionem
514 542 853 605 Phocensem
869 566 1028 630 pacat
1048 575 1058 606 ε
1077 547 1121 607 F
1122 573 1218 608 erae
1230 551 1593 635 peruicaciam
1612 549 1676 614 ἃ
1695 547 1819 609 feri-

10 679 13 682 <
93 657 262 702 tatem
278 626 670 725 perdomattM
680 636 844 697 assilia
858 636 1160 700 libertatem
1175 661 1460 728 recuperat
1475 640 1609 703 caeso
1621 638 1820 703 autho-

91 758 149 795 re
162 730 265 793 suae
276 729 745 813 seruitutisRegni
759 730 1014 791 Proceres
1028 738 1092 798 ὅ(
1113 731 1351 793 Ordines
1364 732 1714 816 Rothomagi
1728 760 1823 794 co-

95 830 201 910 git,
213 844 273 886 vt
288 846 482 885 eorum
510 822 735 884 consiliis
763 822 970 885 Vtilitati
997 822 1229 910 publicae
1257 825 1592 888 consulatur.
1618 824 1821 887 Edista

96 918 420 984 confirmat,
444 917 509 979 ὃ(
536 913 879 1002 promulgari
905 914 1053 978 iubet
1079 964 1094 985 ,
1119 941 1240 1002 quae
1265 942 1463 1007 pacem
1490 920 1557 983 ὅ(
1575 922 1818 1002 quietem

94 1009 375 1100 publicam
392 1010 631 1070 firmant.

24 1112 26 1142 ss
201 1103 462 1190 Receptis
486 1099 773 1162 Ambianis
788 1149 802 1168 ,
827 1097 1000 1161 stante
1027 1104 1283 1170 victoria,
1306 1099 1725 1190 impossibilitate
1741 1128 1822 1163 ar-

97 1221 321 1261 morum
336 1198 593 1280 ,aequitati
611 1197 670 1255 &
694 1191 895 1256 iustitiae
919 1194 1151 1257 cedente
1162 1195 1375 1281 Regio,
1401 1201 1519 1258 viris
1545 1195 1822 1281 armisque

22 1299 24 1364 ξ
97 1289 288 1353 nobilis
302 1339 317 1359 ,
331 1288 693 1354 &seminaria
722 1285 929 1349 hostilis
954 1293 1220 1351 exercitus
1236 1288 1393 1356 ,vidit
1409 1292 1477 1354 ὃς
1504 1293 1663 1351 nouit
1678 1287 1819 1373 quid

21 1378 23 1446 ,J
98 1382 191 1445 fibi
209 1383 335 1444 vtile
349 1400 458 1443 erat
472 1409 486 1450 3
498 1382 700 1444 Pacem
725 1385 859 1468 petit
888 1383 956 1447 ὃς
986 1387 1192 1469 expetit
1223 1385 1534 1444 communis
1562 1379 1821 1443 Christia—

20 1483 23 1550 Ι
99 1501 302 1538 norum
328 1479 558 1562 parentis
583 1473 960 1536 intercessione
971 1521 986 1539 ‚
999 1476 1067 1538 &
1082 1471 1198 1534 hoc
1215 1471 1422 1536 obtinet
1435 1493 1722 1560 captarum
1735 1501 1821 1536 vr-

19 1575 21 1610 3
99 1568 253 1632 bium
269 1566 571 1633 deditione,
586 1567 654 1631 ὅ(
672 1562 913 1626 diuturni
938 1562 1065 1626 belli
1091 1564 1360 1628 fruCtibus
1386 1564 1655 1629 restitutis,
1708 1566 1820 1628 Ar-

100 1665 312 1726 morica
337 1658 648 1746 palmarum
675 1656 943 1720 foelicitati
965 1656 1197 1720 resistere
1220 1664 1439 1745 nequit,
1467 1662 1535 1725 ὃς
1562 1678 1720 1720 tantae
1743 1664 1819 1722 vi-

33 1781 36 1784 ’
103 1758 283 1816 &zoriae
296 1755 491 1815 victori
505 1748 666 1813 cedit.

0 1842 17 1925 ’ἵ
197 1849 282 1909 Vt
310 1869 504 1932 pacem
530 1847 796 1926 integram
827 1843 893 1907 &
910 1842 1213 1929 perfectam
1226 1843 1448 1912 reddat,
1474 1843 1544 1906 ad
1559 1842 1734 1930 Alpes
1757 1846 1821 1904 ir-

104 1942 309 2026 rumpit
335 1962 467 1999 cum
482 1940 748 2001 exercitus
774 1934 1012 1997 Momm
1020 1935 1255 1997 elianum
1272 1937 1576 2024 conspectis
1589 1956 1822 1997 armato-

105 2057 231 2094 rum
257 2034 423 2116 copiis
437 2026 670 2114 trepidat
684 2030 748 2092 &
766 2031 920 2087 timet
935 2033 1011 2093 ενι
1027 2032 1245 2112 cogitur
1271 2027 1343 2091 ad
1369 2028 1708 2091 deditionem
1722 2029 1821 2094 ,&

0 2127 16 2151 '
106 2128 389 2209 accipitur.
402 2118 641 2182 Insubria
654 2119 836 2203 Regni
852 2119 1040 2181 Galliae
1057 2120 1122 2182 fit
1138 2125 1410 2187 terminus,
1423 2120 1824 2182 Mediolanum

0 2212 15 2274 3'7
109 2242 175 2279 ne
192 2217 287 2277 fiat
308 2213 474 2281 idem,
487 2210 811 2300 pertimescit
827 2239 840 2279 ·‚
857 2211 1002 2273 Italia
1029 2232 1449 2282 commonetur,
1464 2216 1530 2279 ὃς
1548 2211 1821 2301 stupescit.

13 2323 14 2332 ’
109 2308 204 2372 Ille
231 2306 605 2369 inuiEtissimus
630 2304 864 2366 insontes
877 2325 1031 2366 metu
1046 2305 1233 2374 soluit,
1248 2307 1378 2369 curn
1396 2306 1449 2368 se
1465 2326 1735 2368 armatum
1754 2301 1827 2364 ad

110 2405 191 2465 ius
204 2401 367 2463 suum
382 2397 773 2461 vindicandum
789 2446 803 2466 ‚
818 2401 885 2463 ὅ(
903 2398 974 2459 ad
989 2425 1047 2459 ea
1063 2419 1183 2484 quae
1196 2398 1289 2460 sua
1303 2398 1425 2461 sunt
1441 2395 1828 2485 recuperanda,

112 2512 313 2584 notum
327 2490 579 2583 omnibus.
589 2491 735 2581 facit.
749 2489 1056 2581 Renifffsstssss
1067 2518 1184 2577 non
1198 2490 1376 2557 obstat
1387 2542 1402 2565 ,
1414 2494 1702 2554 viu-oriam
1715 2513 1829 2549 non

1460 2587 1501 2637 B
1689 2586 1828 2652 impe
