2023 3048
426 76 1449 135 TRIVMPHALEs.
1758 98 1809 145 59

90 185 266 254 uauit,
279 182 606 248 iniustitiam
629 185 954 246 maximum
979 179 1350 268 regendarum
1371 184 1677 266 ¹ciuitatum
1706 189 1814 243 exi-

89 281 235 342 tium
250 277 548 346 abdicauit,
559 275 805 365 populos
817 280 875 338 in
888 276 1272 338 florentissima
1287 299 1424 363 pace
1436 278 1679 336 retinuit.

350 449 1034 518 SANCTISSIMO
1128 450 1560 515 PRINCIPI

230 570 493 613 ENRICO
563 570 817 610 MAGNO
884 569 1086 609 HVIVS
1162 569 1460 609 NOMINIS
1524 570 1599 608 IV.
1667 569 1818 608 GAL-

230 645 499 686 LIARVM
546 643 625 684 ET
668 643 1015 682 NAVARRAE
1073 642 1242 681 REGI.

185 715 480 800 Qniam
493 719 550 776 in
576 711 893 800 Republica
918 714 1129 796 integre
1163 715 1224 773 &
1245 711 1431 775 sanct&
1462 713 1702 776 versatus
1732 711 1823 779 est,

18 801 26 854 Ϊ
93 806 232 870 nihil
245 806 525 875 iracunde,
539 804 678 870 nihil
694 810 1048 893 impotenter,
1065 824 1160 867 aut
1177 803 1384 892 cupide
1411 805 1661 889 egit,sed
1688 832 1821 870 cun-

96 905 188 964 &a
199 901 854 987 aequalitateiuris‚atque
872 902 1237 986 temperantia
1266 896 1711 983 definiuit,leges
1724 899 1824 962 bo-

94 1020 188 1056 nas
204 993 478 1056 obseruari
494 995 673 1063 iussit,
701 997 916 1055 ciuium
940 993 1190 1054 fortunas
1218 992 1452 1055 consilio
1480 991 1824 1078 gubernauit.

96 1086 374 1151 modestia
390 1091 737 1175 temperauit,
753 1091 956 1148 virtute
973 1086 1337 1149 conseruauit.

600 1260 1332 1328 CLEMENTIAE

227 1367 573 1407 VGVSTI
658 1367 1149 1407 GALLIARVM
1246 1367 1823 1410 IMPERATORH

228 1435 511 1478 HENRICI
562 1437 638 1475 IV.

192 1507 380 1596 Qd
409 1505 701 1569 moderate
716 1507 769 1568 se
785 1507 944 1592 gessit
963 1510 1022 1568 8<
1037 1533 1180 1592 quos
1197 1522 1451 1569 coercere
1477 1527 1722 1593 poterat,
1737 1537 1829 1572 eos

103 1602 370 1668 charitate
386 1605 445 1661 8<
461 1605 629 1662 animi
643 1598 981 1684 benignitate
994 1599 1091 1662 fibi
1109 1601 1193 1662 vel
1208 1600 1545 1667 conciliauit,
1560 1601 1644 1662 vel
1657 1608 1714 1663 in
1727 1600 1833 1664 ho„

20 1732 23 1735 ¹
103 1695 251 1760 nesta
267 1694 593 1756 officiorum
606 1692 874 1778 religione
886 1698 1128 1761 retinuit,
1146 1697 1205 1754 &
1219 1698 1530 1755 concitatos
1560 1697 1619 1754 &
1648 1694 1832 1758 libidi-

102 1790 268 1853 nosos
283 1787 496 1850 furores
510 1785 580 1848 ad
599 1811 765 1855 arma,
779 1806 946 1872 atque
963 1791 1142 1849 rixam
1159 1785 1442 1874 prolapsos
1458 1784 1687 1849 sedauit.

371 1959 1082 2025 INVICTISSIMO
1145 1959 1581 2023 PRINCIPI

238 2069 498 2110 ENRICO
565 2071 651 2110 IV.
714 2070 1100 2112 GALLORVM
1169 2068 1258 2110 ET
1335 2068 1828 2113 NAVARRORVM

239 2139 409 2179 REGI.

202 2214 383 2276 Cuius
397 2214 536 2273 inter
552 2235 744 2273 omnes
755 2212 1003 2272 nationes
1017 2212 1234 2272 virtutis
1249 2212 1443 2295 opinio
1472 2210 1582 2272 fuit
1604 2211 1838 2296 singula--

108 2311 180 2371 ris
197 2334 210 2367 ι
227 2309 330 2393 qui
344 2304 530 2394 saepius
546 2303 841 2393 praeliando
853 2306 992 2392 pene
1016 2307 1433 2365 circumuentos
1447 2301 1630 2366 hostes
1648 2312 1837 2373 tenuit,

111 2399 403 2488 dissipatos
420 2397 710 2488 desperatis
723 2398 830 2461 suis
841 2395 999 2460 rebus
1012 2395 1209 2482 fugere
1225 2401 1416 2480 co'e'git
1432 2447 1445 2465 ,
1457 2397 1643 2484 pulsos
1660 2399 1724 2462 ὃ(
1754 2398 1838 2460 su-

112 2512 331 2585 PeQQs
344 2494 482 2585 pene
497 2492 572 2561 ad
585 2496 1020 2562 internecionem
1032 2489 1261 2579 redegit,
1276 2488 1683 2577 turpitudinem
1696 2488 1755 2552 fu
1762 2516 1840 2574 gae

1260 2585 1315 2635 H
1394 2604 1422 2634 2.
1674 2581 1839 2637 delere
